@book{ogata1987dinamica,
    title={Din{\'a}mica de sistemas},
    author={Ogata, Katsuhiko and Sanchez, Guillermo Lopez Portillo},
    volume={3},
    year={1987},
    publisher={Prentice-Hall Hispanoamericana}
  }
@book{zill2008ecuaciones,
    title={Ecuaciones diferenciales},
    author={Zill, Dennis G and Cullen, Michael R},
    year={2008},
    publisher={McGraw-Hill}
  }
